@article{Metropolis:1953am,
      author         = "Metropolis, N. and Rosenbluth, A.W. and Rosenbluth, M.N.
                        and Teller, A.H. and Teller, E.",
      title          = "{Equation of state calculations by fast computing
                        machines}",
      journal        = "J.Chem.Phys.",
      volume         = "21",
      pages          = "1087-1092",
      doi            = "10.1063/1.1699114",
      year           = "1953",
      SLACcitation   = "%%CITATION = JCPSA,21,1087;%%",
}

@article{Markov,
      author         = "P. Diaconis",
      title          = "{The Markove chain Monte Carlo revolution}",
      journal        = "Bull. Amer. Math. Soc. (N.S.)",
      volume         = "46",
      pages          = "179-205",
      year           = "2009",
}

@ARTICLE{Fbu2012arXiv1201.4612C,
   author = {{Choudalakis}, G.},
    title = "{Fully Bayesian Unfolding}",
     year = 2012,
  eprint         = "1201.4612",
  archivePrefix  = "arXiv",
  primaryClass   = "hep-ex"

}

@article{Aad:2015noh,
      author         = "Aad, Georges and others",
      title          = "{Measurement of the charge asymmetry in top-quark pair
                        production in the lepton-plus-jets final state in pp
                        collision data at $\sqrt{s}=8\,\mathrm TeV{}$ with the
                        ATLAS detector}",
      collaboration  = "ATLAS",
      journal        = "Eur. Phys. J.",
      volume         = "C76",
      year           = "2016",
      number         = "2",
      pages          = "87",
      doi            = "10.1140/epjc/s10052-016-3910-6,
                        10.1140/epjc/s10052-017-5089-x",
      eprint         = "1509.02358",
      archivePrefix  = "arXiv",
      primaryClass   = "hep-ex",
      reportNumber   = "CERN-PH-EP-2015-217",
      SLACcitation   = "%%CITATION = ARXIV:1509.02358;%%"
}

@article{Aad:2015lgx,
      author         = "Aad, Georges and others",
      title          = "{Measurement of the charge asymmetry in highly boosted
                        top-quark pair production in $\sqrt{s} =$ 8 TeV $pp$
                        collision data collected by the ATLAS experiment}",
      collaboration  = "ATLAS",
      journal        = "Phys. Lett.",
      volume         = "B756",
      year           = "2016",
      pages          = "52-71",
      doi            = "10.1016/j.physletb.2016.02.055",
      eprint         = "1512.06092",
      archivePrefix  = "arXiv",
      primaryClass   = "hep-ex",
      reportNumber   = "CERN-PH-EP-2015-303",
      SLACcitation   = "%%CITATION = ARXIV:1512.06092;%%"
}
@article{Aad:2016ove,
      author         = "Aad, Georges and others",
      title          = "{Measurements of the charge asymmetry in top-quark pair
                        production in the dilepton final state at $\sqrt{s}=8$
                        â€‰TeV with the ATLAS detector}",
      collaboration  = "ATLAS",
      journal        = "Phys. Rev.",
      volume         = "D94",
      year           = "2016",
      number         = "3",
      pages          = "032006",
      doi            = "10.1103/PhysRevD.94.032006",
      eprint         = "1604.05538",
      archivePrefix  = "arXiv",
      primaryClass   = "hep-ex",
      reportNumber   = "CERN-EP-2016-051",
      SLACcitation   = "%%CITATION = ARXIV:1604.05538;%%"
}
@article{Aaboud:2016bit,
      author         = "Aaboud, Morad and others",
      title          = "{Measurements of top quark spin observables in $
                        t\overline{t} $ events using dilepton final states in $
                        \sqrt{s}=8 $ TeV pp collisions with the ATLAS detector}",
      collaboration  = "ATLAS",
      journal        = "JHEP",
      volume         = "03",
      year           = "2017",
      pages          = "113",
      doi            = "10.1007/JHEP03(2017)113",
      eprint         = "1612.07004",
      archivePrefix  = "arXiv",
      primaryClass   = "hep-ex",
      reportNumber   = "CERN-EP-2016-263",
      SLACcitation   = "%%CITATION = ARXIV:1612.07004;%%"
}
